@inproceedings{badrish-bt,
  author    = {Badrish Chandramouli and
               Jonathan Goldstein and
               Songyun Duan},
  title     = {{Temporal Analytics on Big Data for Web Advertising}},
  booktitle = {ICDE},
  year      = {2012},
}

@inproceedings{hadoopdb,
 author = {Abouzeid, Azza and Bajda-Pawlikowski, Kamil and Abadi, Daniel and Silberschatz, Avi and Rasin, Alexander},
 title = {{HadoopDB: An Architectural Hybrid of MapReduce and DBMS Technologies for Analytical Workloads}},
  booktitle = {VLDB},
  year      = {2009}, 
} 

@misc{marz-blog-post,
author = {Nathan Marz},
title={{How to beat the CAP theorem}},
howpublished={http://nathanmarz.com/blog/how-to-beat-the-cap-theorem.html},
}



@inproceedings{zhouLC10,
  author    = {Jingren Zhou and
               Per-{\AA}ke Larson and
               Ronnie Chaiken},
  title     = {Incorporating partitioning and parallel plans into the SCOPE
               optimizer},
  booktitle = {ICDE},
  year      = {2010},
}

@inproceedings{chatziantoniouR96,
  author    = {Damianos Chatziantoniou and
               Kenneth A. Ross},
  title     = {Querying Multiple Features of Groups in Relational Databases},
  booktitle = {VLDB},
  year      = {1996},
}

@inproceedings{ysmart,
 author = {Rubao Lee and Tian Luo and Yin Huai and Fusheng Wang and
Yongqiang He and Xiaodong Zhang},
 title  = {YSmart: Yet Another SQL-to-MapReduce Translator},
 booktitle = {ICDCS},
 year = {2011}
}

@inproceedings{flumejava,
 author = {Craig Chambers and Ashish Raniwala and Frances Perry and
Stephen Adams and Robert R. Henry and Robert Bradshaw and Nathan
Weizenbaum},
 title = {FlumeJava: easy, efficient data-parallel pipelines},
 booktitle = {PLDI},
 year = {2010}
}

@inproceedings{mrshare,
 author = {Tomasz Nykiel and Michalis Potamias and Chaitanya Mishra
and George Kollios and Nick Koudas},
 title = {MRShare: sharing across multiple queries in MapReduce},
 booktitle = {VLDB},
 year = {2010}
}

@inproceedings{joinopt,
 author = {Sai Wu and Feng Li and Sharad Mehrotra and Beng Chin Ooi},
 title = {Query Optimization for Massively Parallel Data Processing},
 booktitle = {SOCC},
 year = {2011},
}

@inproceedings{manimal,
  author = {Eaman Jahani and Michael J. Cafarella and Christopher R\'{e}},
  title ={Automatic Optimization for MapReduce Programs},
  booktitle = {VLDB},
  year = {2011},
  }
  
@inproceedings{coscan,
 author = {Xiaodan Wang and Anish Das Sarma and Christopher olston and Randal Burns},
 title = {{CoScan: Cooperative Scan Sharing in the Cloud}},
 booktitle = {SOCC},
 year = {2011},
}

@inproceedings{pig-experience,
 author = {Alan F. Gates and Olga Natkovich and Shubham Chopra and Pradeep Kamath and Shravan M. Narayanamurthy and Christopher Olston and Benjamin Reed and Santhosh Srinabasan and Utkarsh Srivastava},
 title = {Building a High-Level Dataflow System on top of Map-Reduce: The Pig Experience},
 booktitle = {VLDB},
 year = {2009},
}

%%%%%%%%%%%%%%%%%%%%%%%%%%%%%%%%%%%%%%%%%%%%%%%%%%%%%%%%%%%5
@inproceedings{dryadlinq,
  author    = {Yuan Yu and Michael Isard and Dennis Fetterly and Mihai Budiu and Ulfar Erlingsson and Pradeep Kumar Gunda and Jon Currey},
  title     = {{DryadLINQ}: A System for General-Purpose Distributed Data-Parallel Computing Using a High-Level Language},
  booktitle = {OSDI},
  year      = {2008}
}

@inproceedings{dryad-interfaces,
  author    = {Yuan Yu and
               Pradeep Kumar Gunda and
               Michael Isard},
  title     = {Distributed aggregation for data-parallel computing: interfaces
               and implementations},
  booktitle = {SOSP},
  year      = {2009}
}

@inproceedings{Pavlo09,
 author = {Andrew Pavlo and Erik Paulson and Alexander Rasin and Daniel J. Abadi and David J. DeWitt and Samuel Madden and Michael Stonebraker},
 title = {A Comparison of Approaches to Large-Scale Data Analysis},
 booktitle = {{SIGMOD}},
 year = {2009}
 }
 
@TechReport{PageRank,
author = {L. Page and S. Brin and R. Motwani and T. Winograd},
title = {The {PageRank} Citation Ranking: Bringing Order to the Web},
institution = {Stanford Info Lab},
year = {November 1999},
number = {1999-66}
}

@misc{tpch,
key={TPC-H},
title={{TPC-H} Benchmark Specification},
howpublished={http://www.tpc.org/tpch/},
}

@inproceedings{mr-optimization-socc10,
  author	= {Shivnath Babu},
  title		= {{Towards Automatic Optimization of MapReduce Programs}},
  booktitle	= {ACM Symposium on Cloud Computing}, 
  year		= {2010},
}

@misc{btrace_website,
 key 		= {BTrace},
 title 		= {{\em A Dynamic Instrumentation Tool for Java}},
 note 		= {\url{kenai.com/projects/btrace}},
}

@inproceedings{dtrace_usenix,
 author    = {Cantrill, Bryan M. and Shapiro, Michael W. and Leventhal, Adam H.},
 title     = {{Dynamic Instrumentation of Production Systems}},
 booktitle = {USENIX},
 year      = {2004},
}

@techreport{hadoop_models_tech_report,
  author 	= {Herodotos Herodotou},
  title	 	= {{Hadoop Performance Models}},
  institution = {Duke Computer Science},
  year 		= {2010},
  note 		= {\url{http://www.cs.duke.edu/~hero/files/hadoop-models.pdf}},
}

@article{recursive_random_search,
  author	={Ye, T. and Kalyanaraman, S.},
  title		={{A recursive random search algorithm for large-scale network parameter configuration}},
  journal	={SIGMETRICS},
  year		={2003},
}

%%%%%%%%%%%%%%%%%%%%%%%%%%%%%%%%%%%%%%%%%%%%%%%%%%%%%%%%%%%%5

@misc{ec2,
key={ec2},
title={{Amazon Elastic Compute Cloud ({EC}2)}},
howpublished={http://aws.amazon.com/ec2/},
}

@MISC{yahoo-mail-spam,
 title = "{Hadoop and the Fight Against Shape-Shifting Spam}",
 note = {http://tinyurl.com/357jqyz}, 
 key = {HADOOPMAILSPAM},
}

@MISC{linkedin-data-cycle,
  title = {{TeraByte-scale Data Cycle at LinkedIn}}, 
  note = {http://tinyurl.com/lukod6}, 
  key = {LINKEDIN}, 
}

%distributed execution engines
@inproceedings{dryad,
 author = {Michael Isard and Mihai Budiu and Yuan Yu},
 title = "{Dryad: Distributed Data-Parallel Programs from Sequential Building Blocks}",
 booktitle = {{EuroSys}},
 year = {2007}
 }

@inproceedings{mapreduce,
 author = {Jeffrey Dean and Sanjay Ghemawat},
 title = {{MapReduce: Simplified Data Processing on Large Clusters}},
 booktitle = {{OSDI}},
 year = {2004}
 }

@MISC{hadoop,
 title = {{Apache Hadoop}},
 note = {http://hadoop.apache.org/},
 key = {HADOOP},
}

@MISC{storm,
 title = {{Storm}},
 note = {http://storm-project.net/},
 key = {STORM},
}

@MISC{tellapart,
  title = {{TellApart}},
  note = {http://tellapart.com/},
  key = {TellApart},
  }

@MISC{esper,
 title = {{Esper}},
 note = {http://esper.codehaus.org/},
 key = {ESPER},
}


@MISC{pig,
 title = {{Apache Pig}},
 note = {http://pig.apache.org/},
 key = {Pig},
}

@MISC{hive,
 title = {{Apache Hive}},
 note = {http://hive.apache.org/},
 key = {Hive},
}

%Distributed Storage
@inproceedings{gfs,
 author = {Sanjay Ghemawat and Howard Gobioff and Shun-Tak Leung},
 title = {{The Google File System}},
 booktitle = {{SOSP}},
 year = {2003}
 }

@MISC{hdfs,
  title = {{Hadoop Distributed File System}},
  note = {http://hadoop.apache.org/hdfs/},
  key = {HDFS}
}


%Data-as-first class citizen(?)
@inproceedings{ko-socc2010,
 author = {Steven Y. Ko and Imranul Hoque and Brian Cho and Indranil Gupta},
 title = {{Making Cloud Intermediate Data Fault-Tolerant}},
 booktitle = {{SoCC}},
 year = {2010}
 }


%Workflow Managers
@MISC{oozie,
 title = {{Oozie - Yahoo!'s Workflow Engine for Hadoop}},
 note = {http://yahoo.github.com/oozie/},
 key = {Oozie}
}

@MISC{hamake,
 title = {{Hadoop Make Utility}},
 note = {http://code.google.com/p/hamake/},
 key = {Hamake}
}

@MISC{azkaban,
 title = {{Azkaban: Simple Hadoop Workflow}},
 note = {http://sna-projects.com/azkaban},
 key = {Azkaban}
}

%Scheduling in distributed computing cluster (complementary)
@inproceedings{quincy,
 author = {Michael Isard and Vijayan Prabhakaran and Jon Currey and Udi Wieder and Kunal Talwar and Andrew Goldberg},
 title = {{Quincy: Fair Scheduling for Distributed Computing Clusters}},
 booktitle = {{SOSP}},
 year = {2009}
 }


@inproceedings{naik-supercomputing1993,
 author = {V. K. Naik and S.K. Setia and M. S. Squillante},
 title = {{Performance Analysis of Job Scheduling Policies in Parallel Supercomputing Environments}},
 booktitle = {{Supercomputing}},
 year = {1993}
 }



%%%%inproceedings{condor,
% author = {R. Raman and M. Livny and M. Solomon},
% title = {Distributed Resource Management for High Throughput Computing},
% booktitle = {{HPDC}},
% year = {1998}
%}
@article{condor,
  title={{Distributed Computing in Practice: The Condor Experience}},
  author={Thain, D. and Tannenbaum, T. and Livny, M.},
  journal={Concurrency and Computation: Practice and Experience},
  volume={17},
  number={2-4},
  year={2005},
}
%  pages={323--356},
%  issn={1532-0634},
%  publisher={Wiley Online Library}


@inproceedings{late,
 author = {Matei Zaharia and Andy Konwinski and Anthony D. Joseph and Randy Katz and Ion Stoica},
 title = {{Improving MapReduce Performance in Heterogeneous Environments}},
 booktitle = {{OSDI}},
 year = {2008}
}

%shared scans
@inproceedings{argrawal-vldb2008,
 author = {P. Agrawal and D. Kifer and C. Olston},
 title = {{Scheduling Shared Scans of Large Data Files}},
 booktitle = {{VLDB}},
 year = {2008}
}

%%%%%%%%%%%%%%%%%%%%%%%%%%%%%%%%%%%%%%%%%%%%%%%%%%%%%%%%%%%%%%%%%%%%%%%%%%%%%%%%%%%%%%%%%%%%%%%%%%%
@article{dowdy1982comparative,
  title={{Comparative Models of the File Assignment Problem}},
  author={Dowdy, L.W. and Foster, D.V.},
  journal={ACM Computing Surveys (CSUR)},
  volume={14},
  number={2},
  pages={287--313},
  issn={0360-0300},
  year={1982},
  publisher={ACM}
}

@inproceedings{wolf-sigmetrics89,
 author = {J. Wolf},
 title = {{The Placement Optimization Program: A Practical Solution to the Disk File Assignment Problem}},
 booktitle = {{SIGMETRICS}},
 year = {1989}
}

@inproceedings{Awerbuch-stock93,
  author = {B. Awerbuch and Y. Bartal and A. Fiat},
  title = {{Competitive Distributed File Allocation}},
  booktitle ={{STOC}},
  year = {1993}
}

@inproceedings{pattipati-icdcs90,
 author = {K. R. Pattipati and J. L. Wolf},
 title = {{A File Assignment Problem Model for Extended Local Area Network Environments}},
 booktitle = {{ICDCS}},
 year = {1990}
}

%hotspots
@inproceedings{Weikum-sigmod91,
 author = {P. Z. G. Weikum and P. Scheuermann},
 title = {{Dynamic File Allocation in Disk Arrays}},
 booktitle = {{SIGMOD}},
 year = {1991}
}

@inproceedings{Scheuermann-vldb98,
 author = {P. Scheuermann and G. Weikum and P. Zabback},
 title = {{Data Partitioning and Load Balancing in Parallel Disk Systems}},
 booktitle = {{VLDB}},
 year = {1998}
}

%hypodrome
@inproceedings{hippodrome-fast02,
 author = {Eric Anderson and Michael Hobbs and Kimberly Keeton and Susan Spence and Mustafa Uysal and Alistair Veitch},
 title = {{Hippodrome: Running Circles Around Storage Administration}},
 booktitle = {{FAST}},
 year = {2002}
}

@article{alvarez2001minerva,
  title={{Minerva: An automated resource provisioning tool for large-scale storage systems}},
  author={Alvarez, G.A. and Borowsky, E. and Go, S. and Romer, T.H. and Becker-Szendy, R. and Golding, R. and Merchant, A. and Spasojevic, M. and Veitch, A. and Wilkes, J.},
  journal={ACM Transactions on Computer Systems (TOCS)},
  volume={19},
  number={4},
  pages={483--518},
  issn={0734-2071},
  year={2001},
  publisher={ACM}
}



%%%controls the I/O traffic of the workload by using cache volumes (I/O scoping), managing volumes assigned to tasks, does not really control how the output data is going to be laid out/properties ... not fine grained enough
@inproceedings{badfs-nsdi04,
 author = {John Bent and Douglas Thain and Andrea C. Arpaci-Dusseau and Remzi H. Arpaci-Dusseau and Miron Livny},
 title = {{Explicit Control in a Batch-Aware Distributed File System}},
 booktitle = {{NSDI}},
 year = {2004}
}


%condor
@inproceedings{shankar-hpdc07,
 author = {Srinath Shankar and David J. Dewitt},
 title = {{Data Driven Workflow Planning in Cluster Management Systems}},
 booktitle = {{HPDC}},
 year = {2007}
}

@inproceedings{raman2002matchmaking,
  title={{Matchmaking: Distributed resource management for high throughput computing}},
  author={Raman, R. and Livny, M. and Solomon, M.},
  booktitle={HPDC},
  year={1998}
}

@inproceedings{bent-dadc09,
  author = {John Bent and Timothy E. Denehy and Miron Livny and Andrea C. Arpaci-Dusseau and Remzi H. Arpaci-Dusseau},
  title={{Data-Driven Batch Scheduling}},
  booktitle = {DADC},
  year={2009}
}
  
%distributed partitioning placement
@inproceedings{jade,
  title={{Communication Optimizations for Parallel Computing using Data Access Information}},
  author={Rinard, M.C.},
  booktitle={Supercomputing},
  year={1995},
}

@inproceedings{stewart-nsdi05,
  title={{Performance modeling and system management for multi-component online services}},
  author={Stewart, C. and Shen, K.},
  booktitle={{NSDI}},
  year={2005},
}

@inproceedings{coign-osdi99,
  title={{The Coign Automatic Distributed Partitioning System}},
  author={Galen C. Hunt and Michael L. Scott},
  booktitle={{OSDI}},
  year={1999},
}

@inproceedings{kennedy-hipc96,
  title={{A Communication Placement Framework with Unified Dependence and Data-flow Analysis}},
  author={Ken Kennedy and Ajay Sethi},
  booktitle={{HiPC}},
  year={1996},
}

@inproceedings{abacus-usenix2000,
 author = {Khalil Amiri and David Petrou and Gregory R. Ganger and Garth A. Gibson},
 title = {{Dynamic Function Placement for Data-intensive Cluster Computing}},
 booktitle = {{USENIX ATC}},
 year = {2000}
}

@inproceedings{ivan-hpdc02,
  title={{Partitionable Services: A Framework for Seamlessly Adapting Distributed Applications to Heterogeneous Environments}},
  author={Ivan, A.A. and Harman, J. and Allen, M. and Karamcheti, V.},
  booktitle={{HPDC}},
  year={2002}
}

@inproceedings{nectar-osdi10,
  title={{Nectar: Automatic Management of Data and Computations in Datacenters}},
  author={Pradeep Kumar Gunda and Lenin Ravindranath and Chandramohan A. Thekkath and Yuan Yu and Li Zhuang
},
  booktitle={{OSDI}},
  year={2010}  
}

%languages 
@article{scope, 
  author    = {Ronnie Chaiken and
               Bob Jenkins and
               Per-{\AA}ke Larson and
               Bill Ramsey and
               Darren Shakib and
               Simon Weaver and
               Jingren Zhou},
  title     = {{SCOPE: Easy and Efficient Parallel Processing of Massive
               Data Sets}},
  journal   = {PVLDB},
  volume    = {1},
  number    = {2},
  year      = {2008},
}

@article{sql-mr, 
  author    = {Eric Friedman and others}, 
  title     = "{SQL/MapReduce: A Practical Approach to Self-describing,
               Polymorphic, and Parallelizable User-Defined Functions}",
  journal   = {PVLDB},
  volume    = {2},
  number    = {2},
  year      = {2009},
}

@inproceedings{hadoop-fair-share-scheduler, 
  author    = {Matei Zaharia and others},
  title     = "{Delay Scheduling: a Simple Technique for Achieving Locality
               and Fairness in Cluster Scheduling}",
  booktitle = {EuroSys},
  year      = {2010},
}

@inproceedings{olston-automatic-optimization, 
  author    = {Christopher Olston and
               Benjamin Reed and
               Adam Silberstein and
               Utkarsh Srivastava},
  title     = "{Automatic Optimization of Parallel Dataflow Programs}",
  booktitle = {USENIX Annual Technical Conference},
  year      = {2008},
}

@inproceedings{radlab-compression-work, 
  author    = {Yanpei Chen and
               Archana Ganapathi and
               Randy H. Katz},
  title     = "{To Compress or Not to Compress - Compute Vs. IO Tradeoffs
               for Mapreduce Energy Efficiency}",
  booktitle = {Green Networking},
  year      = {2010},
}

@inproceedings{starfish-cidr2011-full,
  author        = {Herodotos Herodotou and Harold Lim and Gang Luo and Nedyalko Borisov
               and Liang Dong and Fatma Bilgen Cetin and Shivnath Babu},
  title         = {{Starfish: A Self-tuning System for Big Data Analytics}},
  booktitle     = {CIDR}, 
  year          = {2011},
}

@inproceedings{iss, 
  author    = {Steven Y. Ko and
               Imranul Hoque and
               Brian Cho and
               Indranil Gupta},
  title     = {{Making Cloud Intermediate Data Fault-Tolerant}},
  booktitle = {SoCC},
  year      = {2010},
}


@techreport{mr-job-opt-tech-report,
  author 	= {Herodotos Herodotou and Shivnath Babu},
  title	 	= {{Profiling, What-if Analysis, and Cost-based Optimization of MapReduce Programs}},
  institution = {Duke Computer Science},
  year 		= {2011},
  note 		= {\url{http://www.cs.duke.edu/~hero/files/mr-job-optimization.pdf}},
}

@misc{cloudera_tips_website,
  key		= {Cloudera tips},
  title		= "{Cloudera: 7 tips for Improving MapReduce Performance}",
  note		= {\url{http://www.cloudera.com/blog/2009/12/7-tips-for-improving-mapreduce-performance}},
}

@misc{hadoop_website,
  key 		= {Hadoop}, 
  title 	= {{\em Apache Hadoop}}, 
  note 		= {\url{http://hadoop.apache.org/}},
}

@inproceedings{olston-usenix, 
  author    = {Christopher Olston and Benjamin Reed 
               and Adam Silberstein and Utkarsh Srivastava},
  title     = {{Automatic Optimization of Parallel Dataflow Programs}},
  booktitle = {ATEC},
  year      = {2008},
  publisher	= {USENIX Association}
}

@inproceedings{exodus,
 author     = {Goetz Graefe and David J. DeWitt},
 title      = {{The EXODUS Optimizer Generator}},
 booktitle  = {SIGMOD},
 year       = {1987},
 publisher  = {ACM},
}

@article{starfish-vldb2011, 
  author	= {Herodotos Herodotou and Shivnath Babu},
  title		= {{Profiling, What-if Analysis, and Cost-based Optimization
				of MapReduce Programs}},
  journal 	= {{PVLDB}},
  volume	= {4},
  year      = {2011},
}

@inproceedings{ftopt,
 author     = {Prasang Upadhyaya and YongChul Kwon and Magdalena Balazinska},
 title      = {{A Latency and Fault-Tolerance Optimizer for Online Parallel Query Plans}},
 booktitle  = {SIGMOD},
 year       = {2011},
 publisher  = {ACM},
}

@inproceedings{simitsis-2010,
 author     = {Alkis Simitsis and Kevin Wilkinson and Umeshwar Dayal and Malu Castellanos},
 title      = {{Optimizing ETL Workflows for Fault-Tolerance}},
 booktitle  = {ICDE},
 year       = {2010},
}

@inproceedings{simitsis-2005,
 author     = {A. Simitsis and P Vassiliadis and T. K. Sellis},
 title      = {{Optimizing ETL Processes in Data Warehouses}},
 booktitle  = {ICDE},
 year       = {2005},
}

@inproceedings{dayal-2009,
 author     = {Umeshwar Dayal and Malu Castellanos and Alkis Simitsis and Kevin Wilkinson},
 title      = {{Data Integration Flows for Business Intelligence}},
 booktitle  = {EDBT},
 year       = {2009},
}

@techreport{online-technical-report,
  author 	= {Harold Lim and Herodotos Herodotou and Shivnath Babu},
  title	 	= {{Stubby: A Transformation-based Optimizer for MapReduce Workflows}},
  institution = {Duke Computer Science},
  year 		= {2012},
  note 		= {\url{http://www.cs.duke.edu/~harold/my_papers/stubby-technical-report.pdf}},
}

@article{mapreduce-online-aggregation,
  author    = {Niketan Pansare and
               Vinayak R. Borkar and
               Chris Jermaine and
               Tyson Condie},
  title     = {{Online Aggregation for Large MapReduce Jobs}},
  journal   = {PVLDB},
  volume    = {4},
  number    = {11},
  year      = {2011},
}

@inproceedings{mapreduce-online,
  author    = {Tyson Condie and
               Neil Conway and
               Peter Alvaro and
               Joseph M. Hellerstein and
               Khaled Elmeleegy and
               Russell Sears},
  title     = {{MapReduce Online}},
  booktitle = {NSDI},
  year      = {2010},
}

%%%%%%%
@techreport{maxstream,
author = {I. Botan and Y. Cho and R. Derakhshan and N. Dindar and L. Haas and K. Kim and C. Lee and G. Mundada and M.-C. Shan and N. Tatbul and Y. Yan and B. Yun and and J. Zhang},

title = {{Design and Implementation of the MaxStream Federated Stream Processing Architecture}},

institution = {ETH Zurich},
year = {2009},
note = "\url{ftp://ftp.inf.ethz.ch/pub/publications/tech-reports/6xx/632.pdf}",
}

@article{secret,
 author = {Botan, Irina and Derakhshan, Roozbeh and Dindar, Nihal and Haas, Laura and Miller, Ren{\'e}e J. and Tatbul, Nesime},
 title = {{SECRET: a Model for Analysis of the Execution Semantics of Stream Processing Systems}},
 journal = {PVLDB},
 issue_date = {September 2010},
 volume = {3},
 number = {1-2},
 year = {2010},

} 

@inproceedings{dmcq-sigmod11,
    author      = {K. Sheykh-Esmaili and T. Sanamrad and P. M. Fischer and
                   N. Tatbul},
    title       = {{Changing Flights in Mid-air: A Model for Safely Modifying
                    Continuous Queries}},
    booktitle   = {{SIGMOD}},
    year        = {2011}
}

@inproceedings{aspen,
 author = {Liu, Mengmeng and Mihaylov, Svilen R. and Bao, Zhuowei and Jacob, Marie and Ives, Zachary G. and Loo, Boon Thau and Guha, Sudipto},
 title = {{SmartCIS: Integrating Digital and Physical Environments}},
 booktitle = {{SIGMOD}},
 year = {2009},
} 

@misc{yarn,
  key 		= {YARN}, 
  title 	= {{Apache Hadoop NextGen MapReduce (YARN)}}, 
  note 		= {\url{http://hadoop.apache.org/docs/r0.23.0/hadoop-yarn/hadoop-yarn-site/YARN.html}},
}

@inproceedings{mesos,
 author = {Hindman, Benjamin and Konwinski, Andy and Zaharia, Matei and Ghodsi, Ali and Joseph, Anthony D. and Katz, Randy and Shenker, Scott and Stoica, Ion},
 title = {{Mesos: A Platform for Fine-Grained Resource Sharing in the Data Center}},
 booktitle = {NSDI},
 year = {2011}
} 

@inproceedings{elastore,
  author =       "Harold C. Lim and Shivnath Babu and Jeffrey S. Chase",
  title = "{{Automated Control for Elastic Storage}}",
  booktitle = {ICAC},
  year = {2010},
}

@inproceedings{babcock-loadshedding, 
author={Babcock, B. and Datar, M. and Motwani, R.}, 
booktitle={ICDE}, 
title={{Load Shedding for Aggregation queries over Data Streams}}, 
year={2004}
}

@article{stream,
 author = {Babu, Shivnath and Widom, Jennifer},
 title = {{Continuous Queries over Data Streams}},
 journal = {SIGMOD Record},
 issue_date = {September 2001},
 volume = {30},
 number = {3},
 month = sep,
 year = {2001}
} 

@article{aurora,
  author    = {Daniel J. Abadi and
               Donald Carney and
               Ugur \c{C}etintemel and
               Mitch Cherniack and
               Christian Convey and
               Sangdon Lee and
               Michael Stonebraker and
               Nesime Tatbul and
               Stanley B. Zdonik},
  title     = {{Aurora: A New Model and Architecture for Data Stream Management}},
  journal   = {VLDB J.},
  volume    = {12},
  number    = {2},
  year      = {2003},
  pages     = {120-139},
}

@inproceedings{borealis,
  title={{The Design of the Borealis Stream Processing Engine}},
  booktitle = {CIDR},
  author={Abadi, D.J. and Ahmad, Y. and Balazinska, M. and Cetintemel, U. and Cherniack, M. and Hwang, J.H. and Lindner, W. and Maskey, A.S. and Rasin, A. and Ryvkina, E. and Tatbul, N. and Xing, Y. and Zdonik, S.},
  year={2005},
}

@inproceedings{s4,
  author    = {Leonardo Neumeyer and
               Bruce Robbins and
               Anish Nair and
               Anand Kesari},
  title     = {{S4: Distributed Stream Computing Platform}},
  booktitle = {ICDMW},
  year      = {2010}
}

@inproceedings{telegraphcq,
 author = {Chandrasekaran, Sirish and Cooper, Owen and Deshpande, Amol and Franklin, Michael J. and Hellerstein, Joseph M. and Hong, Wei and Krishnamurthy, Sailesh and Madden, Samuel R. and Raman, Vijayshankar and Reiss, Frederick and Shah, Mehul A.},
 title = {{TelegraphCQ: Continuous Dataflow Processing for an Uncertain World}},
 booktitle = {CIDR},
 year = {2003}
} 

@inproceedings{streamcloud,
  author    = {Vincenzo Gulisano and
               Ricardo Jim{\'e}nez-Peris and
               Marta Pati{\~n}o-Mart\'{\i}nez and
               Patrick Valduriez},
  title     = {{StreamCloud: A Large Scale Data Streaming System}},
  booktitle = {ICDCS},
  year      = {2010}

}

@inproceedings{systems,
  author    = {Henrique Andrade and
               Bugra Gedik and
               Kun-Lung Wu and
               Philip S. Yu},
  title     = {{Scale-Up Strategies for Processing High-Rate Data Streams
               in System S}},
  booktitle = {ICDE},
  year      = {2009}
}

@article{microsoftcep,
  author    = {Mohamed H. Ali and
               Ciprian Gerea and
               Balan Sethu Raman and
               Beysim Sezgin and
               Tiho Tarnavski and
               Tomer Verona and
               Ping Wang and
               Peter Zabback and
               Anton Kirilov and
               Asvin Ananthanarayan and
               Ming Lu and
               Alex Raizman and
               Ramkumar Krishnan and
               Roman Schindlauer and
               Torsten Grabs and
               Sharon Bjeletich and
               Badrish Chandramouli and
               Jonathan Goldstein and
               Sudin Bhat and
               Ying Li and
               Vincenzo Di Nicola and
               Xianfang Wang and
               David Maier and
               Ivo Santos and
               Olivier Nano and
               Stephan Grell},
  title     = {{Microsoft CEP Server and Online Behavioral Targeting}},
  journal   = {PVLDB},
  volume    = {2},
  number    = {2},
  year      = {2009}
}

@misc{streambase,
key={StreamBase},
title={{StreamBase}},
howpublished={http://www.streambase.com}
}

@misc{oraclecep,
key={Oracle CEP},
title={{Oracle CEP}},
howpublished={http://www.oracle.com/technetwork/middleware/complex-event-processing/}
}

@misc{coral8,
key={SAP Sybase Event Stream Processor},
title={{SAP Sybase Event Stream Processor}},
howpublished={http://www.sybase.com/products/financialservicessolutions/complex-event-processing/}
}

@inproceedings{comet,
  author    = {Bingsheng He and
               Mao Yang and
               Zhenyu Guo and
               Rishan Chen and
               Bing Su and
               Wei Lin and
               Lidong Zhou},
  title     = {{Comet: Batched Stream Processing for Data Intensive Distributed
               Computing}},
  booktitle = {SOCC},
  year      = {2010}
}

@inproceedings{spark,
 author = {Zaharia, Matei and Chowdhury, Mosharaf and Franklin, Michael J. and Shenker, Scott and Stoica, Ion},
 title = {{Spark: cluster computing with working sets}},
 booktitle = {HotCloud},
 year = {2010}
} 

@inproceedings{spark-streaming,
 author = {Zaharia, Matei and Das, Tathagata and Li, Haoyuan and Shenker, Scott and Stoica, Ion},
 title = {{Discretized Streams: An Efficient and Fault-Tolerant Model for Stream Processing on Large Clusters}},
 booktitle = {HotCloud},
 year = {2012}
} 

@inproceedings{nephele,
 author = {Lohrmann, Bj\"{o}rn and Warneke, Daniel and Kao, Odej},
 title = {{Massively-Parallel Stream Processing under QoS Constraints with Nephele}},
 booktitle = {HPDC},
 year = {2012}
} 
@misc{vertica,
key={Vertica},
title={{Vertica}},
howpublished={http://www.vertica.com}
}

@MISC{hbase,
 title = {{Apache HBase}},
 note = {http://hbase.apache.org/},
 key = {HBase},
}

@MISC{cassandra,
 title= {{Apache Cassandra}},
 note = {http://cassandra.apache.org/},
 key = {Cassandra}
 }

@MISC{mongodb,
 title = {{mongoDB}},
 note = {http://www.mongodb.org/},
 key = {mongoDB},
}

@inproceedings{bigtable,
  title={{Bigtable: A Distributed Storage System for Structured Data}},
  author={Chang, F. and Dean, J. and Ghemawat, S. and Hsieh, W.C. and Wallach, D.A. and Burrows, M. and Chandra, T. and Fikes, A. and Gruber, R.E.},
  booktitle={OSDI},
  year={2006}
}


@inproceedings{stream-integration,
    author      = {N. Tatbul},
    title       = {{Streaming Data Integration: Challenges and Opportunities}},
    booktitle   = {{NTII}},
    year        = {2010}
}

@article{stream-standard,
 author = {Jain, Namit and Mishra, Shailendra and Srinivasan, Anand and Gehrke, Johannes and Widom, Jennifer and Balakrishnan, Hari and \c{C}etintemel, U\v{g}ur and Cherniack, Mitch and Tibbetts, Richard and Zdonik, Stan},
 title = {{Towards a streaming SQL standard}},
 journal = {PVLDB},
 issue_date = {August 2008},
 volume = {1},
 number = {2},
 month = aug,
 year = {2008}
} 

@inproceedings{datacell,
 author = {Liarou, Erietta and Goncalves, Romulo and Idreos, Stratos},
 title = {{Exploiting the Power of Relational Databases for Efficient Stream Processing}},
 booktitle = {EDBT},
 year = {2009}
} 
@MISC{truviso,
 title = {{Truviso}},
 note = {http://www.truviso.com},
 key = {truviso},
}

@MISC{eucalyptus,
 title = {{Eucalyptus}},
 note = {http://www.eucalyptus.com},
 key = {eucalyptus},
}

@inproceedings{leo,
 author = {Stillger, Michael and Lohman, Guy M. and Markl, Volker and Kandil, Mokhtar},
 title = {{LEO - DB2's LEarning Optimizer}},
 booktitle = {VLDB},
 year = {2001}
} 

@MISC{protobuff,
 title = {{Protocol Buffers}},
 note = {https://developers.google.com/protocol-buffers/},
 key = {Protocol Buffers},
}

@MISC{mysql-storage,
 title = {{Overview of MySQL Storage Engine Architecture}},
 note = {http://dev.mysql.com/doc/refman/5.1/en/pluggable-storage-overview.html},
 key = {MySQL},
}

@misc{aslett-dbgraphic,
author = {Matthew Aslett},
title={Updated database landscape graphic},
note={http://blogs.the451group.com/information\_management/2012/11/02\\/updated-database-landscape-graphic/},
}

@MISC{monetdb,
 title = {{MonetDB}},
 note = {http://www.monetdb.org/Home},
 key = {MonetDB}
 }
 
@MISC{sas-olap,
 title = {{SAS OLAP Server}},
 note = {http://www.sas.com/technologies/dw/storage/mddb/index.html},
 key = {SAS OLAP Server}
 }

@MISC{microsoft-analysis,
 title = {{Microsoft SQL Server Analysis Services}},
 note = {http://www.microsoft.com/sqlserver/en/us/solutions-technologies/business-intelligence/analysis.aspx},
 key = {Microsoft SQL Server Analysis Services}
 }

@MISC{mondrian,
 title = {{Pentaho Mondrian}},
 note = {http://mondrian.pentaho.com/},
 key = {Pentaho Mondrian}
 }
 
@MISC{sas-inmemory,
 title = {{SAS In-Memory Analytics}},
 note = {http://www.sas.com/high-performance-analytics/how-does-it-work/in-memory.html},
 key = {SAS In-Memory Analytics}}
}

@MISC{redis,
 title ={{Redis}},
 note = {http://redis.io/},
 key = {Redis}
}

@MISC{sql-azure,
 title = {{Windows Azure SQL Database}},
 note = {http://msdn.microsoft.com/en-us/library/windowsazure/ee336279.aspx},
 key = {Windows Azure SQL Database}
}

@article{dbtoaster,
 author = {Ahmad, Yanif and Kennedy, Oliver and Koch, Christoph and Nikolic, Milos},
 title = {{DBToaster: Higher-order Delta Processing for Dynamic, Frequently Fresh Views}},
 journal = {PVLDB},
 volume = {5},
 number = {10},
 year = {2012}
} 

@inproceedings{gigascope,
 author = {Cranor, Chuck and Johnson, Theodore and Spataschek, Oliver and Shkapenyuk, Vladislav},
 title = {{Gigascope: A Stream Database for Network Applications}},
 booktitle = {SIGMOD},
 year = {2003}
} 

@inproceedings{niagaracq,
 author = {Chen, Jianjun and DeWitt, David J. and Tian, Feng and Wang, Yuan},
 title = {{NiagaraCQ: A Scalable Continuous Query System for Internet Databases}},
 booktitle = {SIGMOD},
 year = {2000}
} 


@inproceedings{Backman-hotcdp2012,
 author = {Backman, Nathan and Fonseca, Rodrigo and \c{C}etintemel, U\v{g}ur},
 title = {{Managing Parallelism for Stream Processing in the Cloud}},
 booktitle = {HotCDP},
 year = {2012}
} 

@article{muppet,
 author = {Lam, Wang and Liu, Lu and Prasad, Sts and Rajaraman, Anand and Vacheri, Zoheb and Doan, AnHai},
 title = {{Muppet: MapReduce-style Processing of Fast Data}},
 journal = {PVLDB},
 issue_date = {August 2012},
 volume = {5},
 number = {12},
 year = {2012}
} 

@inproceedings{facebook-sigmod2011,
  title={{Apache Hadoop goes Realtime at Facebook}},
  author={Borthakur, D. and Gray, J. and Sarma, J.S. and Muthukkaruppan, K. and Spiegelberg, N. and Kuang, H. and Ranganathan, K. and Molkov, D. and Menon, A. and Rash, S. and others},
  booktitle={SIGMOD},
  year={2011}
}

@MISC{voldemort,
 title= {{Project Voldemort}},
 note = {http://www.project-voldemort.com/voldemort/},
 key = {Project Voldemort}
 }

@MISC{fair-share, 
 title= {{Hadoop Fair Scheduler}},
 note = { http://
hadoop.apache.org/docs/r1.2.1/fair_scheduler.html},
 key = {Hadoop Fair Scheduler}
 }



@inproceedings{ycsb,
 author = {Cooper, Brian F. and Silberstein, Adam and Tam, Erwin and Ramakrishnan, Raghu and Sears, Russell},
 title = {{Benchmarking Cloud Serving Systems with YCSB}},
 booktitle = {SOCC},
 year = {2010}
} 


@inproceedings{mr-sim,
  added-at = {2010-09-22T00:00:00.000+0200},
  author = {Hammoud, Suhel and Li, Maozhen and Liu, Yang and Alham, Nasullah Khalid and Liu, Zelong},
  biburl = {http://www.bibsonomy.org/bibtex/235684950a1a2597d00b2448fa28e83fb/dblp},
  booktitle = {FSKD},
  pages = {2993-2997},
  publisher = {IEEE},
  title = {MRSim: A discrete event based MapReduce simulator.},
  url = {http://dblp.uni-trier.de/db/conf/fskd/fskd2010.html#HammoudLLAL10},
  year = 2010
}

@inproceedings{conf/cluster/VermaCC11,
  added-at = {2011-11-02T00:00:00.000+0100},
  author = {Verma, Abhishek and Cherkasova, Ludmila and Campbell, Roy H.},
  biburl = {http://www.bibsonomy.org/bibtex/2df18e7826545160679567ccd2871d6ed/dblp},
  booktitle = {CLUSTER},
  isbn = {978-1-4577-1355-2},
  pages = {253-261},
  publisher = {IEEE},
  title = {Play It Again, SimMR!},
  url = {http://dblp.uni-trier.de/db/conf/cluster/cluster2011.html#VermaCC11},
  year = 2011
}

@article{Yang:2012:MWM:2317557.2317582,
 author = {Yang, Hailong and Luan, Zhongzhi and Li, Wenjun and Qian, Depei},
 title = {MapReduce Workload Modeling with Statistical Approach},
 journal = {J. Grid Comput.},
 issue_date = {June      2012},
 volume = {10},
 number = {2},
 month = jun,
 year = {2012},
 issn = {1570-7873},
 pages = {279--310},
 numpages = {32},
 url = {http://dx.doi.org/10.1007/s10723-011-9201-4},
 doi = {10.1007/s10723-011-9201-4},
 acmid = {2317582},
 publisher = {Springer-Verlag New York, Inc.},
 address = {Secaucus, NJ, USA},
 keywords = {Cloud computing, Data intensive computing, MapReduce, Performance prediction, Statistical analysis, Workload characterization},
}

@inproceedings{Shen:2011:CER:2038916.2038921,
 author = {Shen, Zhiming and Subbiah, Sethuraman and Gu, Xiaohui and Wilkes, John},
 title = {CloudScale: Elastic Resource Scaling for Multi-tenant Cloud Systems},
 booktitle = {Proceedings of the 2Nd ACM Symposium on Cloud Computing},
 series = {SOCC '11},
 year = {2011},
 isbn = {978-1-4503-0976-9},
 location = {Cascais, Portugal},
 pages = {5:1--5:14},
 articleno = {5},
 numpages = {14},
 url = {http://doi.acm.org/10.1145/2038916.2038921},
 doi = {10.1145/2038916.2038921},
 acmid = {2038921},
 publisher = {ACM},
 address = {New York, NY, USA},
 keywords = {cloud computing, energy-efficient computing, resource scaling},
}

@inproceedings {180275,
        author = {David Shue and Michael J. Freedman and Anees Shaikh},
        title = {Performance Isolation and Fairness for Multi-Tenant Cloud Storage},
        booktitle = {Presented as part of the 10th USENIX Symposium on Operating Systems Design and Implementation (OSDI 12)},
        year = {2012},
        isbn = {978-1-931971-96-6},
        address = {Hollywood, CA},
        pages = {349--362},
        url = {https://www.usenix.org/conference/osdi12/technical-sessions/presentation/shue},
        publisher = {USENIX},
}

SQLVM: Performance Isolation in Multi-Tenant Relational Database-as-a-Service

@inproceedings{conf/cidr/NarasayyaDSCC13,
  added-at = {2013-05-15T00:00:00.000+0200},
  author = {Narasayya, Vivek R. and Das, Sudipto and Syamala, Manoj and Chandramouli, Badrish and Chaudhuri, Surajit},
  biburl = {http://www.bibsonomy.org/bibtex/266099ccc359936ef2b7ede5aa66d0225/dblp},
  booktitle = {CIDR},
  title = {SQLVM: Performance Isolation in Multi-Tenant Relational Database-as-a-Service.},
  url = {http://dblp.uni-trier.de/db/conf/cidr/cidr2013.html#NarasayyaDSCC13},
  year = 2013
}

@MISC{fair-share-scheduler, 
 title= {{Hadoop Fair Scheduler}},
 note = {hadoop.apache.org/docs/r1.2.1/fair\_scheduler.html},
 key = {Hadoop Fair Scheduler}
 }

@MISC{sls, 
 title= {{Hadoop SLS Simulator}},
 note = {hadoop.apache.org/docs/r2.3.0/hadoop-sls/SchedulerLoadSimulator.html},
 key = {Hadoop SLS Simulator}
 }

@inproceedings{taobao-paper,
  added-at = {2013-01-13T00:00:00.000+0100},
  author = {Ren, Zujie and Xu, Xianghua and Wan, Jian and Shi, Weisong and Zhou, Min},
  biburl = {http://www.bibsonomy.org/bibtex/2a9a992dc0923289448c9ab031195c903/dblp},
  booktitle = {IISWC},
  isbn = {978-1-4673-4531-6},
  pages = {3-13},
  publisher = {IEEE Computer Society},
  title = {Workload characterization on a production Hadoop cluster: A case study on Taobao.},
  url = {http://dblp.uni-trier.de/db/conf/iiswc/iiswc2012.html#RenXWSZ12},
  year = 2012
}



@inproceedings{brown94,
  author    = {Kurt P. Brown and
               Manish Mehta and
               Michael J. Carey and
               Miron Livny},
  title     = {Towards Automated Performance Tuning for Complex Workloads},
  booktitle = {VLDB},
  year      = {1994},
  pages     = {72-84},
}

@article{pang95,
  author    = {HweeHwa Pang and
               Michael J. Carey and
               Miron Livny},
  title     = {Multiclass Query Scheduling in Real-Time Database Systems},
  journal   = {IEEE Trans. Knowl. Data Eng.},
  volume    = {7},
  number    = {4},
  year      = {1995},
  pages     = {533-551},
}

@inproceedings{parekh03,
  author    = {Sujay S. Parekh and Kevin Rose and Joseph L.
Hellerstein and Sam Lightstone and Matthew Huras and Victor Chang},
  title     = {Managing the Performance Impact of Administrative Utilities},
  booktitle = {DSOM},
  year      = {2003},
}

@inproceedings{krompassEDBT09,
  author    = {Stefan Krompass and
               Harumi A. Kuno and
               Janet L. Wiener and
               Kevin Wilkinson and
               Umeshwar Dayal and
               Alfons Kemper},
  title     = {Managing long-running queries},
  booktitle = {EDBT},
  year      = {2009},
  pages     = {132-143},
}

@inproceedings{cole11,
  author    = {Richard Cole and
               Florian Funke and
               Leo Giakoumakis and
               Wey Guy and
               Alfons Kemper and
               Stefan Krompass and
               Harumi A. Kuno and
               Raghunath Othayoth Nambiar and
               Thomas Neumann and
               Meikel Poess and
               Kai-Uwe Sattler and
               Michael Seibold and
               Eric Simon and
               Florian Waas},
  title     = {The mixed workload CH-benCHmark},
  booktitle = {DBTest},
  year      = {2011},
  pages     = {8},
 }

@inproceedings{funke11,
  author    = {Florian Funke and
               Alfons Kemper and
               Stefan Krompass and
               Harumi A. Kuno and
               Raghunath Othayoth Nambiar and
               Thomas Neumann and
               Anisoara Nica and
               Meikel Poess and
               Michael Seibold},
  title     = {Metrics for Measuring the Performance of the Mixed Workload
               CH-benCHmark},
  booktitle = {TPCTC},
  year      = {2011},
  pages     = {10-30},
}

@inproceedings{kuno10,
  author    = {Harumi A. Kuno and
               Umeshwar Dayal and
               Janet L. Wiener and
               Kevin Wilkinson and
               Archana Ganapathi and
               Stefan Krompass},
  title     = {Managing Dynamic Mixed Workloads for Operational Business
               Intelligence},
  booktitle = {DNIS},
  year      = {2010},
  pages     = {11-26},
}

@inproceedings{krompass10,
  author    = {Stefan Krompass and
               Harumi A. Kuno and
               Kevin Wilkinson and
               Umeshwar Dayal and
               Alfons Kemper},
  title     = {Adaptive query scheduling for mixed database workloads with
               multiple objectives},
  booktitle = {DBTest},
  year      = {2010},
 }

@article{krompass09,
  author    = {Stefan Krompass and
               Harumi A. Kuno and
               Janet L. Wiener and
               Kevin Wilkinson and
               Umeshwar Dayal and
               Alfons Kemper},
  title     = {A Testbed for Managing Dynamic Mixed Workloads},
  journal   = {PVLDB},
  volume    = {2},
  number    = {2},
  year      = {2009},
  pages     = {1562-1565},
}

@article{krompass08,
  author    = {Stefan Krompass and
               Andreas Scholz and
               Martina-Cezara Albutiu and
               Harumi A. Kuno and
               Janet L. Wiener and
               Umeshwar Dayal and
               Alfons Kemper},
  title     = {Quality of Service-enabled Management of Database Workloads},
  journal   = {IEEE Data Eng. Bull.},
  volume    = {31},
  number    = {1},
  year      = {2008},
  pages     = {20-27},
}

@inproceedings{niu10,
  author    = {Baoning Niu and
               Yayan Xue and
               Patrick Martin and
               Wendy Powley},
  title     = {Managing Workload Importance in Enterprise DBMSs},
  booktitle = {CEC},
  year      = {2010},
  pages     = {168-173},
}

@article{niu09,
  author    = {Baoning Niu and
               Patrick Martin and
               Wendy Powley},
  title     = {Towards Autonomic Workload Management in DBMSs},
  journal   = {J. Database Manag.},
  volume    = {20},
  number    = {3},
  year      = {2009},
  pages     = {1-17},
 }

@inproceedings{niu07,
  author    = {Baoning Niu and
               Patrick Martin and
               Wendy Powley and
               Paul Bird and
               Randy Horman},
  title     = {Adapting Mixed Workloads to Meet SLOs in Autonomic DBMSs},
  booktitle = {ICDE Workshops},
  year      = {2007},
  pages     = {478-484},
}

@inproceedings{zaharia10,
  author    = {Matei Zaharia and
               Dhruba Borthakur and
               Joydeep Sen Sarma and
               Khaled Elmeleegy and
               Scott Shenker and
               Ion Stoica},
  title     = {Delay scheduling: a simple technique for achieving locality
               and fairness in cluster scheduling},
  booktitle = {EuroSys},
  year      = {2010},
  pages     = {265-278},
}

@inproceedings{zaharia08,
  author    = {Matei Zaharia and
               Andy Konwinski and
               Anthony D. Joseph and
               Randy H. Katz and
               Ion Stoica},
  title     = {Improving MapReduce Performance in Heterogeneous Environments},
  booktitle = {OSDI},
  year      = {2008},
  pages     = {29-42},
}

@inproceedings{isard09,
  author    = {Michael Isard and
               Vijayan Prabhakaran and
               Jon Currey and
               Udi Wieder and
               Kunal Talwar and
               Andrew Goldberg},
  title     = {Quincy: fair scheduling for distributed computing clusters},
  booktitle = {SOSP},
  year      = {2009},
  pages     = {261-276},
}

@inproceedings{zaharia12,
  author    = {Matei Zaharia and Mosharaf Chowdhury and Tathagata Das
and Ankur Dave and Justin Ma and Murphy McCauley and Michael J.
Franklin and Scott Shenker and Ion Stoica},
  title     = {Resilient Distributed Datasets: A Fault-Tolerant
Abstraction for In-Memory Cluster Computing},
  booktitle = {NSDI},
  year      = {2012},
}

@inproceedings{hindman11,
  author    = {B. Hindman and A. Konwinski and M. Zaharia and A.
Ghodsi and A.D. Joseph and R. Katz and S. Shenker and I. Stoica},
  title     = {Mesos: A Platform for Fine-Grained Resource Sharing in
the Data Center},
  booktitle = {NSDI},
  year      = {2011},
}

@inproceedings{ghodsi11,
  author    = {A. Ghodsi and M. Zaharia and B. Hindman and A.
Konwinski and S. Shenker and I. Stoica},
  title     = {Dominant Resource Fairness: Fair Allocation of Multiple
Resources Types},
  booktitle = {NSDI},
  year      = {2011},
}

@inproceedings{moakar09,
  author    = {Lory Al Moakar and
               Thao N. Pham and
               Panayiotis Neophytou and
               Panos K. Chrysanthis and
               Alexandros Labrinidis and
               Mohamed A. Sharaf},
  title     = {Class-based continuous query scheduling for data streams},
  booktitle = {DMSN},
  year      = {2009},
}

@article{DBLP:journals/pvldb/DasNLS13,
  author    = {Sudipto Das and
               Vivek R. Narasayya and
               Feng Li and
               Manoj Syamala},
  title     = {CPU Sharing Techniques for Performance Isolation in Multitenant
               Relational Database-as-a-Service},
  journal   = {PVLDB},
  volume    = {7},
  number    = {1},
  year      = {2013},
  pages     = {37-48},
  ee        = {http://www.vldb.org/pvldb/vol7/p37-das.pdf},
  bibsource = {DBLP, http://dblp.uni-trier.de}
}